@misc{Linear,
   title = {2 Linear Regression | The Analytics Edge | Sloan School of Management | MIT OpenCourseWare},
   author = {MIT OpenCourseWare},
   year = {2022},
   howpublished = {\url{https://ocw.mit.edu/courses/sloan-school-of-management/15-071-the-analytics-edge-spring-2017/linear-regression/}}
}