@misc{Basic_Information_about_NO2,
   title = {Basic Information about NO2},
   author = {U.S. Environmental Protection Agency},
   year = {2021},
   howpublished = {\url{https://www.epa.gov/no2-pollution/basic-information-about-no2#Effects}}
}
@misc{Gareth,
   title = {Lorry driver strikes are not the answer, haulage group warns Unite},
   author = {Gareth Davies},
   year = {2021},
   howpublished = {\url{https://www.telegraph.co.uk/news/2021/10/15/lorry-driver-strikes-not-answer-haulage-group-warns-unite/}}
}
@misc{Baidu_oxides,
   title = {nitrogen oxides pollution},
   author = {Baidu},
   year = {2021},
   howpublished = {\url{https://baike.baidu.com/item/%E6%B0%AE%E6%B0%A7%E5%8C%96%E7%89%A9%E6%B1%A1%E6%9F%93/12599363}}
}
@misc{Baidu_nitrogen,
   title = {nitrogen dioxide},
   author = {Baidu},
   year = {2021},
   howpublished = {\url{https://baike.baidu.com/item/%E4%BA%8C%E6%B0%A7%E5%8C%96%E6%B0%AE/1403762?fr=aladdin}}
}
