part1
zichizhang
----------------
@misc{NO2-A43F,
   title = {NO2-A43F Nitrogen Dioxide Sensor 4-Electrode},
   author = {Alphasense.com},
   year = {2019},
   howpublished = {\url{https://www.alphasense.com/wp-content/uploads/2019/09/NO2-A43F.pdf}}
}
@misc{EC4-20-NO2,
   title = {EC4-20-NO2 Industrial Nitrogen Dioxide Sensor},
   author = {SGX Sensortech},
   year = {2016},
   howpublished = {\url{https://www.farnell.com/datasheets/2945407.pdf}}
}
@misc{price-EC4-20-NO2,
   title = {EC4-20-NO2},
   author = {Farnell},
   year = {2021},
   howpublished = {\url{https://uk.farnell.com/amphenol-sgx-sensortech/ec4-20-no2/industrial-sensor-no2-20ppm-th/dp/3513412?st=EC4-20-NO2}}
}
@misc{price-NO2-A43F,
   title = {NO2-A43F},
   author = {Aliexpress},
   year = {2021},
   howpublished = {\url{https://www.aliexpress.com/item/4000074955286.html}}
}
@misc{Oizom-Nitrogen,
   title = {Nitrogen Dioxide sensor module},
   author = {Oizom},
   year = {2021},
   howpublished = {\url{https://oizom.com/sensor-modules/nitrogen-dioxide-sensor-module/}}
}
@misc{Environmental,
   title = {Environmental and health effects of nitrogen oxides},
   author = {Queensland Government},
   year = {2013},
   howpublished = {\url{https://www.qld.gov.au/environment/pollution/monitoring/air/air-pollution/pollutants/nitrogen-oxides}}
}
muzixiangxiao
----------------
@misc{SGX-4NH3-1000,
   title = {DS-0307 SGX-4NH3-1000},
   author = {SGX Sensortech},
   year = {2020},
   howpublished = {\url{https://www.mouser.co.uk/datasheet/2/18/1/AMPH_S_A0010612578_1-2536676.pdf}}
}
@misc{SGX-7NH3-1000,
   title = {DS-0148 SGX-7NH3-1000},
   author = {SGX Sensortech},
   year = {2020},
   howpublished = {\url{https://www.mouser.co.uk/datasheet/2/18/1/AMPH_S_A0010612507_1-2536631.pdf}}
}
@misc{Introduction,
   title = {Introduction to Gas Sensor: Construction Types and Working},
   author = {COMPONENTS101},
   year = {2020},
   howpublished = {\url{https://components101.com/articles/introduction-to-gas-sensors-types-working-and-applications}}
}
yuhangzhang
----------------
@misc{SO2,
   title = {Sulphur Dioxide Sensors (SO2)},
   author = {Alphasense},
   year = {2019},
   howpublished = {\url{https://www.alphasense.com/products/sulfur-dioxide-safety/}}
}
@misc{SO2-A4,
   title = {SO2-A4 Sulfur Dioxide Sensor},
   author = {Alphasense},
   year = {2019},
   howpublished = {\url{https://www.alphasense.com/wp-content/uploads/2019/09/SO2-A4.pdf}}
}
@misc{SO2-D4,
   title = {SO2-D4 Sulfur Dioxide Sensor},
   author = {Alphasense},
   year = {2020},
   howpublished = {\url{https://www.alphasense.com/wp-content/uploads/2020/12/SO2-D4.pdf}}
}
jiyuzhou
----------------
chuaozheng
----------------
yujieyang
----------------
Part2
----------------
@misc{Basic_Information_about_NO2,
   title = {Basic Information about NO2},
   author = {U.S. Environmental Protection Agency},
   year = {2021},
   howpublished = {\url{https://www.epa.gov/no2-pollution/basic-information-about-no2#Effects}}
}
@misc{Gareth,
   title = {Lorry driver strikes are not the answer, haulage group warns Unite},
   author = {Gareth Davies},
   year = {2021},
   howpublished = {\url{https://www.telegraph.co.uk/news/2021/10/15/lorry-driver-strikes-not-answer-haulage-group-warns-unite/}}
}
@misc{Baidu_oxides,
   title = {nitrogen oxides pollution},
   author = {Baidu},
   year = {2021},
   howpublished = {\url{https://baike.baidu.com/item/%E6%B0%AE%E6%B0%A7%E5%8C%96%E7%89%A9%E6%B1%A1%E6%9F%93/12599363}}
}
@misc{Baidu_nitrogen,
   title = {nitrogen dioxide},
   author = {Baidu},
   year = {2021},
   howpublished = {\url{https://baike.baidu.com/item/%E4%BA%8C%E6%B0%A7%E5%8C%96%E6%B0%AE/1403762?fr=aladdin}}
}

